@inproceedings{Buolamwini2018GenderShades,
  title     = {Gender shades: Intersectional accuracy disparities in commercial gender classification},
  author    = {Buolamwini, Joy and Gebru, Timnit},
  booktitle = {Proceedings of the Conference on Fairness, Accountability and Transparency},
  pages     = {77--91},
  year      = {2018},
  publisher = {ACM}
}

@article{Angwin2016MachineBias,
  title   = {Machine bias: There’s software used across the country to predict future criminals. And it’s biased against blacks},
  author  = {Angwin, Julia and Larson, Jeff and Mattu, Surya and Kirchner, Lauren},
  journal = {ProPublica},
  year    = {2016},
  url     = {https://www.propublica.org/article/machine-bias-risk-assessments-in-criminal-sentencing}
}

@article{Mehrabi2021Survey,
  title   = {A survey on bias and fairness in machine learning},
  author  = {Mehrabi, Nasim and Morstatter, Fred and Saxena, Nripsuta and Lerman, Kristina and Galstyan, Aram},
  journal = {ACM Computing Surveys},
  volume  = {54},
  number  = {6},
  pages   = {1--35},
  year    = {2021},
  publisher = {ACM}
}

@article{Binns2018Fairness,
  title   = {Fairness in machine learning: Lessons from political philosophy},
  author  = {Binns, Reuben},
  journal = {Proceedings of the Conference on Fairness, Accountability, and Transparency (FAT*)},
  pages   = {40--49},
  year    = {2018},
  publisher = {ACM}
}

@article{EuropeanParliament2024AIAct,
  title   = {Proposal for a regulation laying down harmonised rules on artificial intelligence (Artificial Intelligence Act)},
  author  = {European Parliament},
  year    = {2024},
  url     = {https://eur-lex.europa.eu/legal-content/EN/TXT/?uri=CELEX:52021PC0206}
}

@article{Barocas2016BigData,
  title   = {Big data’s disparate impact},
  author  = {Barocas, Solon and Selbst, Andrew D.},
  journal = {California Law Review},
  volume  = {104},
  pages   = {671--732},
  year    = {2016}
}